@DocuShare{LDM-294,
  author =       {},
  title =        {placeholder for DM management plan},
  year =         20,
  month =        {Sept},
  handle =       {LDM-294},
}
